@PHDTHESIS{MCGLPHD,
  author = {Mariano Camilo Gonzalez Lebrero},
  title = {Algo con respecto a QM/MM},
  school = {Facultad de Ciencias Exactas y Naturales, Departamento de Qu\'imica inorg\'anica, Universidad de Buenos Aires},
  year = {2006},
}

@BOOK{Cramer,
  title = {Essentials of Computational Chemistry, Theories and Models.},
  publisher = {John Wiley \& Sons, Ltd.},
  year = {2004},
  author = {C.J. Cramer},
  address = {West Sussex, England},
  isbn = {0470091827},
}

@BOOK{Pach96,
  title = {Parallel programming with MPI},
  publisher = {Morgan Kaufmann Publishers Inc.},
  year = {1996},
  author = {Peter S. Pacheco},
  address = {San Francisco, CA, USA},
  isbn = {1558603395},
}

@BOOK{Gropp94,
  author = {William Gropp and Ewing Lusk and Anthony Skjellum},
  title = {Using MPI: Portable Parallel Programming with the Message-Passing Interface},
  publisher = {MIT Press},
  address = {Cambridge, MA},
  year = {1994},
  isbn = {0262571048},
}

@BOOK{Burden,
  title = {An\'alisis Num\'erico},
  publisher = {International Thomson Editores},
  year = {1998},
  author = {Richard L. Burden and J. Douglas Faires},
  address = {San Francisco, CA, USA},
  isbn = {1558609334},
}

@BOOK{Szabo89,
  title = {Modern Quantum Chemistry},
  publisher = {Mc Graw-Hill Publishing Company},
  year = {1989},
  author = {A. Szabo and N.S. Ostlund},
  address = {NY, USA},
}

@BOOK{Leach96,
  title = {Molecular Modeling, principles and aplications},
  publisher = {Addison Wesley Longman Limited},
  year = {1996},
  author = {A.R. Leach},
}

@BOOK{Newman,
  title = {Electrochemical Systems},
  publisher = {Prentice Hall},
  year = {1973},
  author = {J.S. Newman},
}

@BOOK{Probstein,
  title = {Physicochemical Hydrodynamics, An Introduction},
  publisher = {John Wiley & Sons, Ltd.},
  year = {1994},
  author = {R.F. Probstein},
  address = {West Sussex, England},
}

@BOOK{Levich,
  title = {Physicochemical Hydrodynamics},
  publisher = {Prentice Hall},
  year = {1962},
  author = {V.G. Levich},
}

@BOOK{Bard,
  title = {Electrochemical Methods, Fundamentals and Applications.},
  publisher = {John Wiley & Sons, Ltd.},
  year = {1980},
  author = {A.J. Bard and L.R. Faulkner},
}

@BOOK{Szabo99,
  title = {In Recent Advances in Nitric Oxide Research},
  publisher = {Springer-Verlag},
  year = {1999},
  author = {C. Szabo and A. Kitebataka and I. Sakuma},
}

@BOOK{Dreizler95,
  title = {Density Functional Theory},
  publisher = {Plenum Press},
  year = {1995},
  author = {R. Dreizler and E. Gross},
  address = {NY,USA},
}

@BOOK{Koch2002,
  title = {A Chemist's Guide to Density Functional Theory},
  publisher = {Wiley-VCH},
  year = {2002},
  author = {W. Koch and M.C. Holthausen},
  address = {Weinheim},
}

@BOOK{Parr89,
  title = {Density-Functional Theory of Atoms and Molecules},
  publisher = {Oxford University Press},
  year = {1989},
  author = {R.G. Parr and W. Yang},
  address = {NY, USA},
}

@BOOK{Fos03,
  title = {The Grid 2: Blueprint for a New Computing Infrastructure},
  publisher = {Morgan Kaufmann Publishers Inc.},
  year = {2003},
  author = {Ian Foster and Carl Kesselman},
  address = {Mexico},
  isbn = {9687529466},
}


@ARTICLE{mpich-install,
  author = {William D. Gropp and Ewing Lusk},
  title = {Installation Guide for {\tt mpich}, a Portable Implementation of {MPI}},
  journal = {Mathematics and Computer Science Division},
  year = {1996},
  publisher = {Argonne National Laboratory},
}

@ARTICLE{Amdahl,
  author = {G.M. Amdahl},
  title = {Validity of the single-processor approach to achieving large scale computing capabilities.},
  journal = {AFIPS Conference Proceedings},
  year = {1967},
  publisher = {AFIPS Press},
}

@ARTICLE{Gustafson88,
  author = {J.L. Gustafson},
  title = {Reevaluating Amdahl's Law.},
  journal = {Commun. of the ACM},
  year = {1988},
  publisher = {ACM},
}

@ARTICLE{Nemukhin2002,
  author = {A.V. Nemukhin, I.A. Topol, B.L. Grigorenko and S.K. Burt },
  title = {On the Origin of Potential Barrier for the Reaction OH$^-$ + CO$_2$ $\rightarrow$ HCO$_3$ in Water: Studies by Using Continuum and Cluster Solvation Methods.},
  journal = {J. Phys. Chem. B.},
  year = {2002},
}

@ARTICLE{Kesavan2003,
  author = {L.S. Devi-Kesavan and J. Gao},
  title = {Combined QM/MM Study of the Mechanism and Kinetic Isotope Effect of the Nucleophilic Substitution Reaction in Haloalkane Dehalogenase.},
  journal = {J. Am. Chem. Soc.},
  year = {2003},
}

@ARTICLE{Diaz2001,
  author = {N. Diaz, D. Suarez, T. L. Sordo and K. M. Merz Jr},
  title = {A Theoretical Study of the Aminolysis Reaction of Lysine 199 of Human Serum Albumin with Benzylpenicillin: Consequences for Immunochemistry of Penicillins},
  journal = {J. Am. Chem. Soc.},
  year = {2001},
}

@ARTICLE{lebrero2002,
  author = {M.C. Gonz\'alez Lebrero and D.E. Bikiel and M.D. Elola and D.A. Estrin and A.E. Roitberg},
  title = {Solvent-induced symmetry breaking of nitrate ion in aqueous clusters: A quantum-classical simulation study.},
  journal = {The Journal of Chemical Physics},
  year = {2002},
  publisher = {AIP},
  url = {http://link.aip.org/link/?JCP/117/2718/1},
}

@ARTICLE{Estrin96,
  author = {D.A. Estrin and L. Paglieri and G. Corongiu and E. Clementi},
  journal = {J. Phys. Chem.},
  volume = {100},
  pages = {8701},
  year = {1996},
}

@ARTICLE{Mallinson,
  author = {G.D. Mallinson and G. de Vahl Davis},
  title = {Three-dimensional natural convection in a box: A numerical study.},
  journal = {Journal of Fluid Mechanics},
  volume = {83},
  year = {1977},
}

@ARTICLE{Hohenberg64,
  author = {P. Hohenberg and W. Kohn},
  journal = {Phys. Rev.},
  volume = {136},
  pages = {864},
  year = {1964},
}

@ARTICLE{Kohn65,
  author = {W. Kohn and L. J. Sham},
  journal = {Phys. Rev.},
  volume = {140},
  pages = {1133},
  year = {1965},
}

@ARTICLE{Becke88,
  author = {A.D. Becke},
  journal = {Phys. Rev.},
  volume = {A38},
  pages = {3098},
  year = {1988},
}

@ARTICLE{Perdew96,
  author = {J.P. Perdew and K. Burke and M. Ernzerhof},
  journal = {Phys. Rev. Lett.},
  volume = {77},
  pages = {3865},
  year = {1996},
}

@ARTICLE{Lee88,
  author = {C. Lee and W. Yang and R.G. Parr},
  journal = {Phys. Rev. B},
  volume = {37},
  pages = {785},
  year = {1988},
}

@ARTICLE{Perdew86,
  author = {J.P. Perdew},
  journal = {Phys. Rev. B},
  volume = {33},
  pages = {8822},
  year = {1986},
}

@ARTICLE{Becke93,
  author = {A.D. Becke},
  journal = {J. Chem. Phys.},
  volume = {98},
  pages = {5648},
  year = {1993},
}

@ARTICLE{Tan2003,
  author = {M-L. Tan and J.T. Fischer and A. Chandra, B. R. Brooks and T. Ichiye},
  journal = {Chem. Phys. Lett.},
  volume = {376},
  pages = {646-652},
  year = {2003},
}

@ARTICLE{Kiyohara98,
  author = {K. Kiyohara and K.E. Gubbins and A. Z.},
  journal = {Molecular Phys.},
  volume = {94},
  pages = {803-808},
  year = {1998},
}

@ARTICLE{VanDerSpoel98,
  author = {D. van der Spoel and P.J. van Maaren and H.J.C. Berendsen},
  journal = {J. Chem. Phys.},
  volume = {108},
  pages = {10220-10230},
  year = {1998},
}

@ARTICLE{Mahoney2001,
  author = {M.W. Mahoney and W.L. Jorgensen},
  journal = {J. Chem. Phys.},
  volume = {114},
  pages = {363-366},
  year = {2001},
}

@ARTICLE{Kusalik94,
  author = {P.G. Kusalik and I.M. Svishchev},
  journal = {Science},
  volume = {265},
  pages = {1219-1221},
  year = {1994},
}

@ARTICLE{Baez94,
  author = {L.A. Baez and P. Clancy},
  journal = {J. Chem. Phys.},
  volume = {101},
  pages = {9837-9840},
  year = {1994},
}

@ARTICLE{Svischev96,
  author = {I.M. Svishchev and P.G. Kusalik and J. Wang and R.J. Boyd},
  journal = {J. Chem. Phys.},
  volume = {105},
  pages = {4742-4750},
  year = {1996},
}

@ARTICLE{Rick2001,
  author = {S.W. Rick},
  journal = {J. Chem. Phys.},
  volume = {114},
  pages = {2276-2283},
  year = {2001},
}

@ARTICLE{VanMaaren2001,
  author = {P.J. van Maaren and D. van der Spoel},
  journal = {J. Phys. Chem. B},
  volume = {105},
  pages = {2618-2626},
  year = {2001},
}

@ARTICLE{Yu2004,
  author = {H. Yu and W. F. van Gunsteren},
  journal = {J. Chem. Phys.},
  volume = {121},
  pages = {9549-9564},
  year = {2004},
}

@ARTICLE{Stern2001,
  author = {H.A. Stern and F. Rittner and B.J. Berne and R.A. Friesner},
  journal = {J. Chem. Phys.},
  volume = {115},
  pages = {2237-2251},
  year = {2001},
}

@ARTICLE{Jarzinski1997,
  author = {C. Jarzinski},
  journal = {Phis. Rev. Lett.},
  volume = {78},
  pages = {2690},
  year = {1997},
}

@ARTICLE{Liphardt2002,
  author = {J. Liphardt and S.B. Smith and I.Tinoco Jr. and C. Bustamante},
  journal = {Science},
  volume = {296},
  pages = {1832},
  year = {2002},
}

@ARTICLE{Waterland2000,
  author = {M.R. Waterland and A. Myers Kelley},
  journal = {J. Chem. Phys.},
  volume = {113},
  pages = {6760},
  year = {2000},
}

@ARTICLE{Godbout92,
  author = {N. Godbout and D.R. Salahub and J. Andzelm and E. Wimmer},
  journal = {Can. J. Chem.},
  volume = {70},
  pages = {560},
  year = {1992},
}

@ARTICLE{Koppenol93,
  author = {W.H. Koppenol and L. Klasinc},
  journal = {Int. J. Quantum Chem. Biol. Symp.},
  year = {1993},
}

@ARTICLE{Harkless2003,
  author = {J.A.W. Harkless and J.H. Rodriguez and L. Mitas and W.A. Lester Jr},
  journal = {J. Chem. Phys.},
  volume = {118},
  pages = {4987},
  year = {2003},
}

@ARTICLE{Symons2000,
  author = {M.C.R. Symons},
  journal = {J. Inorg. Biochem.},
  volume = {78},
  pages = {299},
  year = {2000},
}

@ARTICLE{Lebrero2005,
  author = {M.C. González Lebrero and L.L. Perissinotti and D.A. Estrin},
  journal = {J. Phys. Chem. A},
  volume = {109},
  pages = {9598-9604},
  year = {2005},
}

@ARTICLE{Squadrito95,
  author = {G.L. Squadrito and X. Jin and W.A. Pryor},
  journal = {Arch. Biochem. Biophys.},
  volume = {322},
  pages = {53-59},
  year = {1995},
}

@ARTICLE{Keith69,
  author = {W.G. Keith and R.E. Powell},
  journal = {J. Chem. Soc. A},
  pages = {90},
  year = {1969},
}

@ARTICLE{Lymar98,
  author = {S.V. Lymar and J.K. Hurst},
  journal = {Inorg. Chem.},
  volume = {37},
  pages = {294-301},
  year = {1998},
}

@ARTICLE{Bonini99,
  author = {M.G. Bonini and R. Radi and G. Ferrer-Sueta and A.M.D.C. Ferreira and O. Augusto},
  journal = {J. Biol. Chem.},
  volume = {274},
  pages = {10802-10806},
  year = {1999},
}

@ARTICLE{Greengard88,
  author = {L.F. Greengard},
  title = {The Rapid Evolution of Potential Fields in Particle Systems},
  year = {1988},
  publisher = {The MIT Press},
}

@ARTICLE{Callahan92,
  author = {P. Callahan and S.R. Kosaraju},
  title = {A decomposition of multi-dimensional point-sets with applications to n-nearest-neighbors and n-body potential fields},
  journal = {Proc. 24th Ann. ACM Sympos. Theory Comput.},
  pages = {546-556},
  year = {1992},
  publisher = {ACM},
}

@ARTICLE{Lambert76,
  author = {J.D. Lambert and I.A. Watson},
  journal = {J. Inst. Maths Applics.},
  volume = {18},
  pages = {189},
  year = {1976},
}

@MISC{LSC,
  title = {Laboratorio de Sistemas Complejos. Departamento de Computaci\'on, Facultad de Ciencias Exactas y Naturales, Universidad de Buenos Aires.},
  url = {http://www.lsc.dc.uba.ar},
}

@MISC{LAM_MPI,
	title 	= "Local Area Multicomputer - MPI Parallel Computing Environment",
	url	= "http://www.osc.edu/lam.html",
	note	= "http://www.osc.edu/lam.html",
}

@MISC{MPICH,
	title 	= "MPICH (A Portable MPI Implementation)",
	url		= "http://www.mcs.anl.gov/mpi/mpich",
	note	= "http://www.mcs.anl.gov/mpi/mpich",
}

@MISC{Wiki,
  title = {Wikipedia, La enciclopedia libre.},
  url = {http://es.wikipedia.org},
}

@MISC{NBody,
  title = {N-Body Problem, Multistep Methods for the N-Body Problem.},
  url = {http://burtleburtle.net/bob/math/multistep.html},
}

@MISC{OpenDX,
  title = {OpenDx, An open source imaging package.},
  url = {http://www.opendx.org},
}

@MISC{Vis5D,
  title = {Vis5D, A free OpenGL-based volumetric visualization program for scientific datasets in 3+ dimensions.},
  url = {http://vis5d.sourceforge.net},
}


@MISC{Image,
  title = {NIH Image, An image processing and analysis package.},
  url = {http://rsb.info.nih.gov/nih-image/download.html},
}

