@BOOK{Vicsek,
   author	= "{T. Vicsek}",
   title	= "Fractal Growth Phenomena",
   edition	= "2nd",
   publisher    = "World Scientific",
   address	= "Singapore",
   year		= 1992,
}
 
@ARTICLE{Argo,
	author	= "{F. Argoul, J. Huth, P. Merzeau, A. Arneodo and H. L. Swinney}",
	journal	= "Physica D",
	title	= "Experimental evidence for homoclinic chaos in an electrochemical growth process",
	volume	= 62,
	number	= 170,
	year	= 1993,
}

@ARTICLE{Brady,
	author	= "{R. M. Brady and R. C. Ball}",
	journal	= "Nature",
	address	= "London",
	title	= "{Fractal growth of copper electrodeposits}",
	volume	= 309,
	pages	= 225,
	year	= 1984,
}

@ARTICLE{Fleu91,
	author	= "{V. Fleury, J. N. Chazalviel, M. Rosso, and B. Sapoval}",
	journal	= "{Phys. Rev. A}",
	title	= "{Experimental Aspects of Electrochemical Deposition of Copper Aggregates}",
	volume	= 44,
	pages	= 6693,
	year	= 1991,
}

@ARTICLE{Fleu92,
	author	= "{V. Fleury, J. N. Chazalviel and M. Rosso}",
	journal	= "{Phys. Rev. Lett.}",
	title	= "{Theory and Experimental Evidence of Electroconvection around Electrochemical Deposits}",
	volume	= 68,
	pages	= 2492,
	year	= 1992,
}

@ARTICLE{Fleu93a,
	author	= "{V. Fleury, J. N. Chazalviel and M. Rosso}",
	journal	= "{Phys. Rev. E}",
	title	= "{Coupling of Diffusion, Migration and Convection in the Vicinity of Electrochemical Deposits}",
	volume	= 48,
	pages	= 1279,
	year	= 1993,
}

@ARTICLE{Fleu94,
	author	= "{V. Fleury, J. Kaufman and B. Hibbert}",
	journal	= "{Nature}",
	title	= "{A Mechanism of Morphology Transition in Ramified Electrodeposition}",
	volume	= 367,
	pages	= 435,
	year	= 1994,
}

@ARTICLE{Line95,
	author	= "{K. A. Linehan and J. R. de Bruyn}",
	journal	= "{Can. J. Phys.}",
	title	= "{A Mechanism of Morphology Transition in Ramified Electrodeposition}",
	volume	= 73,
	pages	= 177,
	year	= 1995,
}

@INPROCEEDINGS{Fleu95,
	title	= "{Electrochemical Deposition Without Supporting Electrolyte}",
	booktitle = {MRS Symposia Proc},
	author	= "{V. Fleury, M. Rosso, and J. N. Chazalviel}",
	editor	= {F. Family, P. Meakin, B. Sapoval and R. Wool},
	organization = "Material Research Society",
	address = {Boston},
	year	= 1994,
}

@INPROCEEDINGS{Fleu95b,
	title	= "{Diffusion Migration and Convection in Electrochemical Deposition, Vortex Pairs, Vortex Rings Arches and Domes}",
	booktitle = {symposium on ``Structure and Properties of Deposits''},
	author	= "{V. Fleury, M. Rosso and J. N. Chazalviel}",
	editor	= {H.D. Merchant},
	organization 	= "3M (Metals Minerals and Materials Society)",
	publisher	= "TMS Publications",
	address = {Warrendale penn},
	pages	= {195--217},
	year	= 1995,
}

@INPROCEEDINGS{Fleu95c,
	author	= "{V. Fleury and J.N. Chazalviel}",
	title	= "{2-D and 3-D Convection During Electrochemical Deposition, Experiments and Models}",
	booktitle = {MRS Symposia Proc},
	editor	= {F. Family, P. Meakin, B. Sapoval and R. Wool},
	organization = "Material Research Society",
	address = {Boston},
	year	= 1994,
}

@ARTICLE{Huth95,
   author	= "{J. Huth, H. Swinney, W. McCormick, A. Kuhn and F. Argoul}",
   journal	= "Phys. Rev. E",
   title	= "Role of convection in thin-layer electrodeposition",
   volume	= 51,
   pages	= 3444,
   year		= 1995,
}

@ARTICLE{deBruyn95, 
	author	= {J. R. de Bruyn},
	journal	= "Phys. Rev. Lett.",
	title	= "Fingering Instability of Gravity Currents in Thin-Layer Electrochemical Deposition", 
	volume	= 74,
	pages	= {4843--4846}, 
	year	= 1995,
}

@ARTICLE{Bar94,
   author	= "{D. Barkey, D. Watt, Z. Liu, and S. Raber}",
   journal	= "J. Electrochem. Soc.",
   title	= "The Role of Induced Convection in Branched Electrodeposit Morphology Selection",
   volume	= 141,
   number	= 5,
   pages	= 1206,
   year		= 1994,
}

@ARTICLE{Leger,
   author	= "{C. Leger, J. Elezgaray, and F. Argoul}",
   journal	= "Phys. Rev. Lett.",
   title	= "Experimental Demonstration of Diffusion-Limited Dynamics in Electrodeposition",
   volume	= 78,
   pages	= {5010 -- 5013},
   month	= Jun,
   year		= 1997,
}

@ARTICLE{Cha90,
   author	= "{J. N. Chazalviel}",
   journal	= "Phys. Rev. A",
   title	= "Electrochemical aspects of the generation of ramified metallic electrodeposits",
   volume	= 42,
   pages	= {7355--7367},
   month	= Dec,
   year		= 1990,
}

@ARTICLE{Mar95,
   author	= "{G. Marshall, E. Perone, P. Tarela and P. Mocskos}",
   title	= "A macroscopic model for growth pattern formation of ramified copper electrodeposits",
   journal	= "Chaos, Solitons and Fractals",
   volume	= 6,
   pages	= 315,
   year		= 1995,
}

@ARTICLE{Mar97,
   author	= "{G. Marshall and P. Mocskos}",
   journal	= "Phys. Rev. E",
   title	= "Growth model for ramified electrochemical deposition in the presenceof diffusion, migration, and electroconvection",
   volume	= 55,
   pages	= {549--563},
   month	= Jan,
   year		= 1997,
}

@ARTICLE{Mar99,
   author	= "{G. Marshall, P. Mocskos, H. L. Swinney and J. M. Huth}",
   journal	= "Phys. Rev. E",
   title	= "Buoyancy and electrically driven convection models in thin-layer electrodeposition",
   volume	= 59,
   pages	= {2157 -- 2167},
   month	= Feb,
   year		= 1999,
}

@ARTICLE{Dengra2000,
   author	= "{S. Dengra, G. Marshall and F. Molina}",
   journal	= "J. Phys. Soc. Japan",
   title	= "Growth model for ramified electrochemical deposition in the presenceof diffusion, migration, and electroconvection",
   volume	= 69,
   pages	= {963--971},
   month	= Mar,
   year		= 2000,
}

@ARTICLE{Gonza2001,
   author	= "{G. Gonzalez, G. Marshall, F. V. Molina, S. Dengra and M. Rosso}",
   journal	= {J. Electrochem. Soc.},
   title	= "Viscosity Effects in Thin-Layer Electrodeposition",
   volume	= 148,
   number	= 7,
   pages	= {C479--C487},
   month	= Jul,
   year		= 2001,
}

@ARTICLE{Gonza2002,
	author	= "{G. Gonzalez, G. Marshall, F. V. Molina and S. Dengra}",
	title	= "Transition from gravito- to electroconvective regimes in thin-layer electrodeposition",
	publisher = {APS},
	journal	= "Phys. Rev. E",
	volume 	= {65},
	number 	= {5},
	eid 	= {051607},
	numpages = {8},
	pages 	= {051607},
	keywords = {electrodeposition; gravity; convection; electric field effects; electrolytes; viscosity},
	url 	= {http://link.aps.org/abstract/PRE/v65/e051607},
	month	= May,
	year 	= {2002},
}

@ARTICLE{Mar2003,
	author = "{G. Marshall, E. Mocskos, F. V. Molina and S. Dengra}",
	title = {Three-dimensional nature of ion transport in thin-layer electrodeposition},
	publisher = {APS},
	month	= aug,
	year = {2003},
	journal = {Phys. Rev. E},
	volume = {68},
	number = {2},
	eid = {021607},
	numpages = {8},
	pages = {021607},
	keywords = {ion mobility; transport processes; convection; electrodeposition; diffusion; electrohydrodynamics; vortices; drops; flow instability},
	url = {http://link.aps.org/abstract/PRE/v68/e021607},
}

@ARTICLE{Bradley97a,
	author = "{J. C. Bradley, H. M. Chen, J. Crawford, J. Eckert, K. Ernazarova, T. Kurzeja, M. Lin, M. McGee, W. Nadler and  S. M. Stephens}",
	title = {Creating electrical contacts between metal particles using directed electrochemical growth},
	publisher = {Nature Publishing Group},
	month	= Sep,
	year = {1997},
	journal = {Nature},
	volume = {389},
	number = {2},
	pages = {268 -- 271},
	url = {http://dx.doi.org/10.1038/38464},
}

@ARTICLE{Bradley99,
	author = "{J. C. Bradley, S. Dengra, G. A. Gonzalez, G. Marshall and F. V. Molina}",
	title = {Ion transport and deposit growth in spatially coupled bipolar electrochemistry},
	journal = {Phys. Rev. E},
	publisher = {Elsevier Science},
	month	= Dec,
	year = {1999},
	volume = {478},
	number = {1-2},
	pages = {128 -- 139},
	keywords = {ion mobility; transport processes; convection; electrodeposition; diffusion; electrohydrodynamics; vortices; drops; flow instability},
}

@ARTICLE{Hermanson,
	author = "{K. D. Hermanson, S. O. Lumsdon, J. P. Williams, E. W. Kaler, and O. D. Velev}",
	title = {Dielectrophoretic Assembly of Electrically Functional Microwires from Nanoparticle Suspensions},
	month	= nov,
	year = {2001},
	journal = {Science},
	volume = {294},
	number = {2},
	pages = {1082 -- 1086 },
}

@PHDTHESIS{Dengra2004,
	author	= "{S. Dengra}",
	title	= "Experimental and theoretical studies of ion transport in thin-layer electrodeposition cells",
	school	= "{Departamento de Computaci\'on, Universidad de Buenos Aires}",
	month	= Aug,
	year	= 2004,
}

@ARTICLE{Mar2004,
	author = {G. Marshall, F. V. Molina and A. Soba}, 
	title = {Ion transport in thin cell electrodeposition: modelling three-ion electrolytes in dense branched morphology under constant voltage and current conditions},
	journal = {Electrochimica Acta},
	volume	= {50},
	number	= {16--17},
	pages	= {3436--3445},
	month	= {May},
	year	= {2005}
}

@ARTICLE{Fukunaka,
	author = "{Y. Fukunaka, K. Okano, Y. Tomii, and Z. Asaki}",
	title = {Electrodeposition of Copper under Microgravity Conditions},
	month	= jun,
	year = {1998},
	journal = {J. Electrochem.Soc.},
	volume = {145},
	number = {6},
	pages = {1876},
}

@BOOK{Newman,
   author	= "{J. S. Newman}",
   title	= "Electrochemical Systems",
   publisher    = "Prentice Hall",
   address	= "New Jersey",
   year		= 1973,
}

@BOOK{Probstein,
   author	= "{Ronald F. Probstein}",
   title	= "Physicochemical Hydrodynamics, An Introduction",
   publisher    = "Wiley",
   address	= "New York",
   year		= 1994,
}

@BOOK{Levich,
   author	= "{V. G. Levich}",
   title	= "{Physicochemical Hydrodynamics}",
   publisher    = "Prentice Hall",
   address	= "New Jersey",
   year		= 1962,
}

@ARTICLE{Mallinson,
   author	= "{G. D. Mallinson and G. de Vahl Davis}",
   title	= "{Three-dimensional natural convection in a box: A numerical study}",
   journal	= "Journal of Fluid Mechanics",
   volume	= 83,
   number	= 1,
   year		= 1977,
}

@BOOK{Bard,
   author	= "{A. J. Bard and L. R. Faulkner}",
   title	= "Electrochemical Methods, Fundamentals and Applications",
   publisher= "Wiley",
   address	= "New York",
   year		= 1980,
}

@ARTICLE{Pietro,
   author	= "{L. Pietronero and H. J. Weismann,}",
   journal	= "J. Stat. Phys.",
   volume	= 36,
   pages	= 909,
   year		= 1984,
}

@ARTICLE{Sagues96,
   author	= "{M.Q. L\`opez-Salvans, P. P. Trigueros, S. Vallmitjana, J. Claret, and F. Sagu\'es}",
   title	= "{Fingerlike Aggregates in Thin-Layer Electrodeposition}",
   journal	= "Phys. Rev. Lett.",
   volume	= 76,
   number	= 21,
   pages	= 4062,
   year		= 1996,
}

@MISC{OpenDx,
	title 	= "OpenDx",
	note	= "An open source imaging package",
	url	="http://www.opendx.org",
	note = "http://www.opendx.org",
}

@MISC{Image,
	title 	= "NIH Image",
	note	= "An image processing and analysis package",
	url		= "http://rsb.info.nih.gov/nih-image/download.html",
	note	= "http://rsb.info.nih.gov/nih-image/download.html",
}

@MISC{Vis5D,
	title 	= "Vis5D, A free OpenGL-based volumetric visualization program for scientific datasets in 3+ dimensions",
	url		= "http://vis5d.sourceforge.net/",
	note	= "http://vis5d.sourceforge.net/",
}

@Manual{mpich-install,
	title = {Installation Guide for {\tt mpich}, a Portable Implementation of {MPI}}, 
	author = {William D. Gropp and Ewing Lusk}, 
	note = "ANL-96/5", 
	organization = {Mathematics and Computer Science Division, Argonne National Laboratory}, 
	year = 1996,
}

@MISC{LAM_MPI,
	title 	= "Local Area Multicomputer - MPI Parallel Computing Environment",
	url		= "http://www.osc.edu/lam.html",
	note	= "http://www.osc.edu/lam.html",
}

@MISC{MPICH,
	title 	= "MPICH (A Portable MPI Implementation)",
	url		= "http://www.mcs.anl.gov/mpi/mpich",
	note	= "http://www.mcs.anl.gov/mpi/mpich",
}

@MISC{SCALI,
	title 	= "SCALI MPI Connect",
	url		= "http://www.scali.com/",
	note	= "http://www.scali.com/",
}

@book{Pacheco96,
 author = {Peter S. Pacheco},
 title = {Parallel programming with MPI},
 year = {1996},
 isbn = {1-55860-339-5},
 publisher = {Morgan Kaufmann Publishers Inc.},
}

@Book{Gropp94,
	author 	= 	"William Gropp and Ewing Lusk and Anthony Skjellum",
	title 	= 	"Using MPI: Portable Parallel Programming with the Message-Passing Interface",
	publisher 	= "MIT Press",
	address 	= "Cambridge, MA",
	pages 	= 	"xx + 307",
	year 	= 	"1994",
	ISBN 	= 	"0-262-57104-8",
	LCCN 	= 	"QA76.642 G76 1994",
	OPTseries 	= 	"Scientific and engineering computation",
} 

@ARTICLE{Rosso,
	author	= "{M. Rosso, J. N. Chazalviel, V. Fleury and E. Chassaing}",
	journal	= "{E. Acta}",
	title	= "{experimental evidence for gravity induced motion in the vicinity of ramified electrodeposits}",
	volume	= 39,
	number	= 4,
	pages	= {507--515},
	month	= March,
	year	= 1994,
}

@MISC{LSC,
	title = "Laboratorio de Sistemas Complejos, Departamento de Computaci\'on, Facultad de Ciencias Exactas y Naturales, Universidad de Buenos Aires",
	note =	"http://lsc.dc.uba.ar",
}

@INPROCEEDINGS{Amdahl,
	title	= {Validity of the single-processor approach to achieving large scale computing capabilities},
	booktitle = {AFIPS Conference Proceedings},
	author	= {G.M. Amdahl},
	organization = {AFIPS},
	publisher = {AFIPS Press},
	address = {Reston. Va.},
	pages	= {483--485},
	volume	= 30,
	year	= 1967,
}

@ARTICLE{Gustafson88,
  author    = {John L. Gustafson},
  title     = {Reevaluating Amdahl's Law.},
  journal   = {Commun. ACM},
  volume	= {31},
  number	= {5},
  month		= {February},
  year      = {1988},
  pages     = {532-533},
}

@ARTICLE{Mar2005,
	author	= "{M. Rosso, J. N. Chazalviel, V. Fleury and E. Chassaing}",
	journal	= "{E. Acta}",
	title	= "{experimental evidence for gravity induced motion in the vicinity of ramified electrodeposits}",
	volume	= 39,
	number	= 4,
	pages	= {507--515},
	month	= March,
	year	= 1994,
}

@ARTICLE{Diaz2001,
	author	= "{N. Diaz, D. Suarez, T. L. Sordo, K. M. Merz Jr.}",
	journal	= "{J. Am. Chem. Soc.}",
	title	= "{ A Theoretical Study of the Aminolysis Reaction of Lysine 199 of Human Serum Albumin with Benzylpenicillin: Consequences for Immunochemistry of Penicillins}",
	volume	= 123,
	number	= 31,
	pages	= {7574--7583},
	month	= July,
	year	= 2001,
}

@ARTICLE{Nemukhin2002,
	author	= "{A. V. Nemukhin; I. A. Topol; B. L. Grigorenko; S. K. Burt}",
	journal	= "{J. Phys. Chem. B}",
	title	= "{On the Origin of Potential Barrier for the Reaction OH$^-$ + CO$_2$ $\rightarrow$ HCO$_3$ in Water: Studies by Using Continuum and Cluster Solvation Methods}",
	volume	= 106,
	number	= 7,
	pages	= {1734--1740},
	month	= January,
	year	= 2002,
}

@ARTICLE{Kesavan2003,
	author	= "{L. S. Devi-Kesavan, J. Gao}",
	journal	= "{J. Am. Chem. Soc.}",
	title	= "{Combined QM/MM Study of the Mechanism and Kinetic Isotope Effect of the Nucleophilic Substitution Reaction in Haloalkane Dehalogenase}",
	volume	= 125,
	number	= 6,
	pages	= {1532--1540},
	month	= January,
	year	= 2003,
}

@article{lebrero2002,
author = {M. C. Gonz\'alez Lebrero and D. E. Bikiel and M. D. Elola and D. A. Estrin and A. E. Roitberg},
title = {Solvent-induced symmetry breaking of nitrate ion in aqueous clusters: A quantum-classical simulation study},
publisher = {AIP},
year = {2002},
journal = {The Journal of Chemical Physics},
volume = {117},
number = {6},
pages = {2718--2725},
url = {http://link.aip.org/link/?JCP/117/2718/1}
}