@BOOK{Newman,
   author	= "{J. S. Newman}",
   title	= "Electrochemical Systems",
   publisher    = "Prentice Hall",
   address	= "New Jersey",
   year		= 1973,
}

@BOOK{Probstein,
   author	= "{Ronald F. Probstein}",
   title	= "Physicochemical Hydrodynamics, An Introduction",
   publisher    = "Wiley",
   address	= "New York",
   year		= 1994,
}

@BOOK{Levich,
   author	= "{V. G. Levich}",
   title	= "{Physicochemical Hydrodynamics}",
   publisher    = "Prentice Hall",
   address	= "New Jersey",
   year		= 1962,
}

@ARTICLE{Mallinson,
   author	= "{G. D. Mallinson and G. de Vahl Davis}",
   title	= "{Three-dimensional natural convection in a box: A numerical study}",
   journal	= "Journal of Fluid Mechanics",
   volume	= 83,
   number	= 1,
   year		= 1977,
}

@BOOK{Bard,
   author	= "{A. J. Bard and L. R. Faulkner}",
   title	= "Electrochemical Methods, Fundamentals and Applications",
   publisher= "Wiley",
   address	= "New York",
   year		= 1980,
}

@MISC{OpenDx,
	title 	= "OpenDx",
	note	= "An open source imaging package",
	url	="http://www.opendx.org",
	note = "http://www.opendx.org",
}

@MISC{Image,
	title 	= "NIH Image",
	note	= "An image processing and analysis package",
	url		= "http://rsb.info.nih.gov/nih-image/download.html",
	note	= "http://rsb.info.nih.gov/nih-image/download.html",
}

@MISC{Vis5D,
	title 	= "Vis5D, A free OpenGL-based volumetric visualization program for scientific datasets in 3+ dimensions",
	url		= "http://vis5d.sourceforge.net/",
	note	= "http://vis5d.sourceforge.net/",
}

@Manual{mpich-install,
	title = {Installation Guide for {\tt mpich}, a Portable Implementation of {MPI}}, 
	author = {William D. Gropp and Ewing Lusk}, 
	note = "ANL-96/5", 
	organization = {Mathematics and Computer Science Division, Argonne National Laboratory}, 
	year = 1996,
}

@MISC{LAM_MPI,
	title 	= "Local Area Multicomputer - MPI Parallel Computing Environment",
	url		= "http://www.osc.edu/lam.html",
	note	= "http://www.osc.edu/lam.html",
}

@MISC{MPICH,
	title 	= "MPICH (A Portable MPI Implementation)",
	url		= "http://www.mcs.anl.gov/mpi/mpich",
	note	= "http://www.mcs.anl.gov/mpi/mpich",
}

@MISC{SCALI,
	title 	= "SCALI MPI Connect",
	url		= "http://www.scali.com/",
	note	= "http://www.scali.com/",
}

@book{Pacheco96,
 author = {Peter S. Pacheco},
 title = {Parallel programming with MPI},
 year = {1996},
 isbn = {1-55860-339-5},
 publisher = {Morgan Kaufmann Publishers Inc.},
}

@Book{Gropp94,
	author 	= 	"William Gropp and Ewing Lusk and Anthony Skjellum",
	title 	= 	"Using MPI: Portable Parallel Programming with the Message-Passing Interface",
	publisher 	= "MIT Press",
	address 	= "Cambridge, MA",
	pages 	= 	"xx + 307",
	year 	= 	"1994",
	ISBN 	= 	"0-262-57104-8",
	LCCN 	= 	"QA76.642 G76 1994",
	OPTseries 	= 	"Scientific and engineering computation",
} 


@MISC{LSC,
	title = "Laboratorio de Sistemas Complejos, Departamento de Computaci\'on, Facultad de Ciencias Exactas y Naturales, Universidad de Buenos Aires",
	note =	"http://lsc.dc.uba.ar",
}

@INPROCEEDINGS{Amdahl,
	title	= {Validity of the single-processor approach to achieving large scale computing capabilities},
	booktitle = {AFIPS Conference Proceedings},
	author	= {G.M. Amdahl},
	organization = {AFIPS},
	publisher = {AFIPS Press},
	address = {Reston. Va.},
	pages	= {483--485},
	volume	= 30,
	year	= 1967,
}

@ARTICLE{Gustafson88,
  author    = {John L. Gustafson},
  title     = {Reevaluating Amdahl's Law.},
  journal   = {Commun. ACM},
  volume	= {31},
  number	= {5},
  month		= {February},
  year      = {1988},
  pages     = {532-533},
}

@ARTICLE{Diaz2001,
	author	= "{N. Diaz, D. Suarez, T. L. Sordo, K. M. Merz Jr.}",
	journal	= "{J. Am. Chem. Soc.}",
	title	= "{ A Theoretical Study of the Aminolysis Reaction of Lysine 199 of Human Serum Albumin with Benzylpenicillin: Consequences for Immunochemistry of Penicillins}",
	volume	= 123,
	number	= 31,
	pages	= {7574--7583},
	month	= July,
	year	= 2001,
}

@ARTICLE{Nemukhin2002,
	author	= "{A. V. Nemukhin; I. A. Topol; B. L. Grigorenko; S. K. Burt}",
	journal	= "{J. Phys. Chem. B}",
	title	= "{On the Origin of Potential Barrier for the Reaction OH$^-$ + CO$_2$ $\rightarrow$ HCO$_3$ in Water: Studies by Using Continuum and Cluster Solvation Methods}",
	volume	= 106,
	number	= 7,
	pages	= {1734--1740},
	month	= January,
	year	= 2002,
}

@ARTICLE{Kesavan2003,
	author	= "{L. S. Devi-Kesavan, J. Gao}",
	journal	= "{J. Am. Chem. Soc.}",
	title	= "{Combined QM/MM Study of the Mechanism and Kinetic Isotope Effect of the Nucleophilic Substitution Reaction in Haloalkane Dehalogenase}",
	volume	= 125,
	number	= 6,
	pages	= {1532--1540},
	month	= January,
	year	= 2003,
}

@article{lebrero2002,
author = {M. C. Gonz\'alez Lebrero and D. E. Bikiel and M. D. Elola and D. A. Estrin and A. E. Roitberg},
title = {Solvent-induced symmetry breaking of nitrate ion in aqueous clusters: A quantum-classical simulation study},
publisher = {AIP},
year = {2002},
journal = {The Journal of Chemical Physics},
volume = {117},
number = {6},
pages = {2718--2725},
url = {http://link.aip.org/link/?JCP/117/2718/1}
}