@MISC{cublasReport,
  title = "CUDA Toolkit 5.0 Performance Report",
  note = "Last accesed on \today",
  url = "https://developer.nvidia.com/sites/default/files/akamai/cuda/files/CUDADownloads/CUDA_5.0_Math_Libraries_Performance.pdf"
}

@MISC{cublas,
  title = "The NVIDIA CUDA Basic Linear Algebra Subroutines",
  note = "Last accesed on \today",
  url = "https://developer.nvidia.com/cuBLAS"
}

@Misc{Petachem,
	title = "TeraChem v1.0",
	note = "Last accesed on \today",
	url = "http://www.petachem.com"
}

@Misc{PetachemResults,
	title = "TeraChem Performance Analysis",
	note = "Last accesed on \today",
	url = "http://www.petachem.com/performance.html"
}

@manual{amber11,
author = {Case, David A and Darden, T A and Cheatham, T E and Simmerling, Carlos L and Wang, J and Duke, Robert E and Luo, Ray and Crowley, Michael and Walker, Ross C and Zhang, W and Merz, K M and Wang, B and Hayik, S and Roitberg, Adrian and Seabra, Gustavo and Kolossv\'ary, I and Wong, K F and Paesani, F and Vanicek, J and Wu, X and Brozell, Scott R and Steinbrecher, Tom and Gohlke, Holger and Yang, L and Tan, C and Mongan, J and Hornak, V and Cui, G and Mathews, D H and Seetin, M G and Sagui, C and Babin, V and Kollman, Peter A},
keywords = {molecular-dynamics},
organization = {University of California, San Francisco},
title = {{Amber 11}}
}

@article{yasuda2008accelerating,
  title={{Accelerating density functional calculations with graphics processing unit}},
  author={Yasuda, K.},
  journal={J. Chem. Theory Comput.},
  volume={4},
  number={8},
  pages={1230--1236},
  issn={1549-9618},
  year={2008},
  publisher={ACS Publications}
}

@article{neese2007orca,
author = {Neese, Frank},
doi = {10.1002/wcms.81},
issn = {1759-0884},
journal = {Wiley Interdisciplinary Reviews: Computational Molecular Science},
number = {1},
pages = {73--78},
publisher = {John Wiley \& Sons, Inc.},
title = {{The ORCA program system}},
url = {http://dx.doi.org/10.1002/wcms.81},
volume = {2},
year = {2012}
}

@InBook{molecole,
  title = {Methods and Techniques in Computational Chemistry},
  chapter = {12},
  publisher = {STEF},
  year = {1993},
  author = {Estrin, DA and Corongiu, G and Clementi, E},
  editor = {E. Clementi},
  series = {},
  address = {Cagliari},
}

@article{crespo2003dft,
  title={{A DFT-based QM-MM approach designed for the treatment of large molecular systems: Application to chorismate mutase}},
  author={Crespo, A. and Scherlis, D.A. and Mart{\'\i}, M.A. and Ordej{\'o}n, P. and Roitberg, A.E. and Estrin, D.A.},
  journal={J. Phys. Chem. B},
  volume={107},
  number={49},
  pages={13728--13736},
  issn={1520-6106},
  year={2003},
  publisher={ACS Publications}
}
@article{crespo2005multiple,
  title={{Multiple-steering QM-MM calculation of the free energy profile in chorismate mutase}},
  author={Crespo, A. and Mart{\'\i}, M.A. and Estrin, D.A. and Roitberg, A.E.},
  journal={J. Am. Chem. Soc.},
  volume={127},
  number={19},
  pages={6940--6941},
  issn={0002-7863},
  year={2005},
  publisher={ACS Publications}
}

@article{friesner2005ab,
  title={{Ab initio quantum chemical and mixed quantum mechanics/molecular mechanics (QM/MM) methods for studying enzymatic catalysis}},
  author={Friesner, R.A. and Guallar, V.},
  journal={Annu. Rev. Phys. Chem.},
  volume={56},
  pages={389--427},
  issn={0066-426X},
  year={2005},
  publisher={Annual Reviews}
}

@article{martiï¿½2004qm,
  title={{QM-MM study of nitrite reduction by nitrite reductase of Pseudomonas aeruginosa}},
  author={Mart{\'\i}, M.A. and Crespo, A. and Bari, S.E. and Doctorovich, F.A. and Estrin, D.A.},
  journal={J. Phys. Chem. B},
  volume={108},
  number={46},
  pages={18073--18080},
  issn={1520-6106},
  year={2004},
  publisher={ACS Publications}
}

@article{sproviero2006qm,
  title={{QM/MM models of the O2-evolving complex of photosystem II}},
  author={Sproviero, E.M. and Gasc{\'o}n, J.A. and McEvoy, J.P. and Brudvig, G.W. and Batista, V.S.},
  journal={J. Chem. Theory Comput.},
  volume={2},
  number={4},
  pages={1119--1134},
  issn={1549-9618},
  year={2006},
  publisher={ACS Publications}
}
@article{ridder2003ab,
  title={{Ab initio QM/MM modeling of the hydroxylation step in p-hydroxybenzoate hydroxylase}},
  author={Ridder, L. and Harvey, J.N. and Rietjens, I.M.C.M. and Vervoort, J. and Mulholland, A.J.},
  journal={J. Phys. Chem. B},
  volume={107},
  number={9},
  pages={2118--2126},
  issn={1520-6106},
  year={2003},
  publisher={ACS Publications}
}
@article{capece2006heme,
  title={{Heme protein oxygen affinity regulation exerted by proximal effects}},
  author={Capece, L. and Marti, M.A. and Crespo, A. and Doctorovich, F. and Estrin, D.A.},
  journal={J. Am. Chem. Soc.},
  volume={128},
  number={38},
  pages={12455--12461},
  issn={0002-7863},
  year={2006},
  publisher={ACS Publications}
}
@ARTICLE{KohnySham,
  author = {{Kohn}, W. and {Sham}, L.~J.},
  title = "{Self-Consistent Equations Including Exchange and Correlation Effects}",
  journal = {Phys. Rev.},
  year = 1965,
  month = nov,
  volume = 140,
  pages = {1133-1138},
  doi = {10.1103/PhysRev.140.A1133},
  adsurl = {http://adsabs.harvard.edu/abs/1965PhRv..140.1133K},
}
@article{Stratmann1996213,
  title = "Achieving linear scaling in exchange-correlation density functional quadratures",
  journal = "Chem. Phys. Lett.",
  volume = "257",
  number = "3--4",
  pages = "213 - 223",
  year = "1996",
  issn = "0009-2614",
  doi = "10.1016/0009-2614(96)00600-8",
  url = "http://www.sciencedirect.com/science/article/pii/0009261496006008",
  author = "R.Eric Stratmann and Gustavo E. Scuseria and Michael J. Frisch"
}

@article{PBE,
  title = {Generalized Gradient Approximation Made Simple},
  author = {Perdew, John P. and Burke, Kieron and Ernzerhof, Matthias},
  journal = {Phys. Rev. Lett.},
  volume = {77},
  issue = {18},
  pages = {3865--3868},
  year = {1996},
  month = {Oct},
  doi = {10.1103/PhysRevLett.77.3865},
  url = {http://link.aps.org/doi/10.1103/PhysRevLett.77.3865},
  publisher = {American Physical Society}
}
@article{Zeida201381,
  title = "Mechanism of cysteine oxidation by peroxynitrite: An integrated experimental and theoretical study ",
  journal = "Arch. Biochem. Biophys.",
  volume = "539",
  number = "1",
  pages = "81 - 86",
  year = "2013",
  issn = "0003-9861",
  doi = "http://dx.doi.org/10.1016/j.abb.2013.08.016",
  url = "http://www.sciencedirect.com/science/article/pii/S0003986113002592",
  author = "Ari Zeida and Mariano C. Gonz\'alez Lebrero and Rafael Radi and Madia Trujillo and Dar\'io A. Estrin",
}

@article {walker,
author = {G\"otz, Andreas W. and Clark, Matthew A. and Walker, Ross C.},
title = {An extensible interface for QM/MM molecular dynamics simulations with AMBER},
journal = {J. Comput. Chem.},
volume = {35},
number = {2},
issn = {1096-987X},
url = {http://dx.doi.org/10.1002/jcc.23444},
doi = {10.1002/jcc.23444},
pages = {95--108},
keywords = {AMBER, QM/MM, ab initio, density functional theory, molecular dynamics, calcium binding},
year = {2014},
}
keywords = "<!-- Tag Not Handled --><keyword id="k0005">Thiols",
keywords = "<!-- Tag Not Handled --><keyword id="k0010">Cysteine",
keywords = "<!-- Tag Not Handled --><keyword id="k0015">Peroxynitrite",
keywords = "<!-- Tag Not Handled --><keyword id="k0020">Oxidation",
keywords = "<!-- Tag Not Handled --><keyword id="k0025">S<sub>N</sub>2",
keywords = "<!-- Tag Not Handled --><keyword id="k0030">Redox homeostasis "
}
@Misc{Amber12,
  author = {D.A. Case and T.A. Darden and T.E. Cheatham and III and C.L. Simmerling and J. Wang and R.E. Duke and R. Luo and R.C. Walker and W. Zhang and K.M. Merz and B. Roberts and S. Hayik and A. Roitberg and G. Seabra and J. Swails and A.W. G\"{o}tz and I. Kolossv\'ary and K.F. Wong and F. Paesani and J. Vanicek and R.M. Wolf and J. Liu and X. Wu and S.R. Brozell and T. Steinbrecher and H. Gohlke and Q. Cai and X. Ye and J. Wang and M.-J. Hsieh and G. Cui and D.R. Roe and D.H. Mathews and M.G. Seetin and R. Salomon-Ferrer and C. Sagui and V. Babin and T. Luchko and S. Gusarov and A. Kovalenko and P.A. Kollman},
  title = {AMBER 12},
  howpublished = {University of California, San Francisco},
  year = {2012},
}
@article{Toyoshima,
 title={Nucleotide recognition by CopA, a Cu&plus;-transporting P-type ATPase},
 url={http://www.nature.com/emboj/journal/v28/n12/full/emboj2009143a.html},
 DOI={10.1038/emboj.2009.143}, 
 number={12}, 
 journal={EMBO J.},
 author={T. Tsuda and C. Toyoshima},
 year={2009},
 pages={1782--1791}}

@article{vogt,
  author = {Leslie Vogt and Roberto Olivares-Amaya and Sean Kermes and Yihan Shao and Carlos Amador-Bedolla and Alan Aspuru-Guzik},
  title = {Accelerating Resolution-of-the-Identity Second-Order Moller-Plesset Quantum Chemistry Calculations with Graphical Processing Units},
  year = 2008,
  doi = {10.1021/jp0776762},
  journal = {J. Phys. Chem. A},
  pages = {2049--2057},
  volume = 112,
  publisher = {American Chemical Society}
}

@article{yasuda_anterior,
  author = "Koji Yasuda",
  title = {Two-electron integral evaluation on the graphics processor unit},
  journal = {J. Comp. Chem.},
  volume = 29,
  number = 3,
  pages = {334--342},
  year = 2008,
  doi = {10.1002/jcc.20779}
}

@article{ufimtsev,
  author = {Ivan S. Ufimtsev and Todd J. Martinez},
  title = {Quantum Chemistry on Graphical Processing Units. 1. Strategies for Two-Electron Integral Evaluation},
  year = 2008,
  doi = {10.1021/ct700268q},
  journal = {J. Chem. Theory Comput.},
  pages = {222--231},
  volume = 4,
  publisher = {American Chemical Society}
}

@article{lebedev1,
  title = "Values of the nodes and weights of ninth to seventeenth order gauss-markov quadrature formulae invariant under the octahedron group with inversion",
  journal = "USSR Comp Math Math+",
  volume = "15",
  number = "1",
  pages = "44 - 51",
  year = "1975",
  note = "",
  issn = "0041-5553",
  doi = "10.1016/0041-5553(75)90133-0",
  author = "V. I. Lebedev"
}

@article{lebedev2,
  title = "Quadratures on a sphere",
  journal = "USSR Comp Math Math+",
  volume = "16",
  number = "2",
  pages = "10 - 24",
  year = "1976",
  note = "",
  issn = "0041-5553",
  doi = "DOI: 10.1016/0041-5553(76)90100-2",
  author = "V. I. Lebedev"
}

@article{becke,
author = {A. D. Becke},
collaboration = {},
title = {A multicenter numerical integration scheme for polyatomic molecules},
publisher = {AIP},
year = {1988},
journal = {J. Chem. Phys.},
volume = {88},
number = {4},
pages = {2547-2553},
doi = {10.1063/1.454033}
}

@article{crespo2005theoretical,
  title={{Theoretical study of the truncated hemoglobin HbN: exploring the molecular basis of the NO detoxification mechanism}},
  author={Crespo, A. and Marti, M.A. and Kalko, S.G. and Morreale, A. and Orozco, M. and Gelpi, J.L. and Luque, F.J. and Estrin, D.A.},
  journal={J. Am. Chem. Soc},
  volume={127},
  number={12},
  pages={4433--4444},
  year={2005}
}

@article{genovese2009density,
  title={{Density functional theory calculation on many-cores hybrid central processing unit-graphic processing unit architectures}},
  author={Genovese, L. and Ospici, M. and Deutsch, T. and M{\'e}haut, J.F. and Neelov, A. and Goedecker, S.},
  journal={J. Chem. Phys},
  volume={131},
  pages={034103},
  year={2009}
}

@article{gpumd,
  author = {John E. Stone and James C. Phillips and Peter L. Freddolino and David J. Hardy and Leonardo G. Trabuco and Klaus Schulten},
  title = {Accelerating molecular modeling applications with graphics processors},
  journal = {J. Comput. Chem.},
  volume = 28,
  number = 16,
  pages = {2618--2640},
  year = 2007,
  doi = {10.1002/jcc.20829}
}

@article{anderson,
  author = "Amos G. Anderson and William A. Goddard III and Peter Schr{\"o}der",
  title = "Quantum Monte Carlo on graphical processing units",
  journal = "Comput. Phys. Commun.",
  volume = "177",
  number = "3",
  pages = "298 - 306",
  year = "2007",
  issn = "0010-4655",
  doi = "DOI: 10.1016/j.cpc.2007.03.004"
}

@article{marti2004qm,
  title={{QM- MM Study of Nitrite Reduction by Nitrite Reductase of Pseudomonas aeruginosa}},
  author={Marti, M.A. and Crespo, A. and Bari, S.E. and Doctorovich, F.A. and Estrin, D.A.},
  journal={J. Phys. Chem. B},
  volume={108},
  number={46},
  pages={18073--18080},
  year={2004}
}

@article{yasuda,
  author = "Koji Yasuda",
  citeulike-article-id = {4285298},
  doi = {10.1021/ct8001046},
  journal = {J Chem. Theory Comput.},
  month = {August},
  number = {8},
  pages = {1230--1236},
  posted-at = {2009-04-07 22:28:54},
  priority = {2},
  title = {Accelerating Density Functional Calculations with Graphics Processing Unit},
  volume = {4},
  year = {2008}
}

@article{kohnsham,
  title = {Self-Consistent Equations Including Exchange and Correlation Effects},
  author = {Kohn, W.  and Sham, L. J.},
  journal = {Phys. Rev.},
  volume = {140},
  number = {4A},
  pages = {A1133--A1138},
  numpages = {5},
  year = {1965},
  month = {Nov},
  doi = {10.1103/PhysRev.140.A1133},
  publisher = {American Physical Society}
}

@article{Skylaris2013,
  author = {Wilkinson, Karl and Skylaris, Chris-Kriton},
  title = {Porting ONETEP to graphical processing unit-based coprocessors. 1. FFT box operations},
  journal = {J. Comput. Chem.},
  volume = {34},
  number = {28},
  issn = {1096-987X},
  doi = {10.1002/jcc.23410},
  pages = {2446--2459},
  keywords = {linear scaling, graphical processing units, heterogeneous computing, quantum chemistry},
  year = {2013},
}
