@inproceedings{Fang,
    author = {Fang, Jianbin and Sips, Henk and Zhang, LiLun and Xu, Chuanfu and Che, Yonggang and Varbanescu, Ana Lucia},
    title = {Test-driving Intel Xeon Phi},
    booktitle = {Proceedings of the 5th ACM/SPEC International Conference on Performance Engineering},
    series = {ICPE '14},
    year = {2014},
    isbn = {978-1-4503-2733-6},
    location = {Dublin, Ireland},
    pages = {137--148},
    numpages = {12},
    url = {http://doi.acm.org/10.1145/2568088.2576799},
    doi = {10.1145/2568088.2576799},
    acmid = {2576799},
    publisher = {ACM},
    address = {New York, NY, USA},
    keywords = {experience with xeon phi, microbenchmarking, optimization, performance analysis},
} 

@INPROCEEDINGS{Pennycook,
    author={Pennycook, S.J. and Hughes, C.J. and Smelyanskiy, M. and Jarvis, S.A},
    booktitle={Parallel Distributed Processing (IPDPS), 2013 IEEE 27th International Symposium on},
    title={Exploring SIMD for Molecular Dynamics, Using Intel \textregistered Xeon \texttrademark Processors and Intel \textregistered Xeon Phi \texttrademark Coprocessors},
    year={2013},
    month={May},
    pages={1085-1097},
    doi={10.1109/IPDPS.2013.44},
    ISSN={1530-2075},
}

@book{Hennessy,
    author = {Hennessy, John L. and Patterson, David A.},
    title = {Computer Architecture, Fifth Edition: A Quantitative Approach},
    year = {2011},
    isbn = {012383872X, 9780123838728},
    edition = {5th},
    publisher = {Morgan Kaufmann Publishers Inc.},
    address = {San Francisco, CA, USA},
} 

@misc{Top500XeonPhiJune2013,
    title = {June 2014 List},
    howpublished = {\url{http://www.top500.org/lists/2013/06/}},
    note = {Accessed: 2014-08-22},
    author= {Top 500 Supercomputer Sites},
}

@misc{Top500XeonPhiNov2013,
    title = {June 2013 List},
    howpublished = {\url{http://www.top500.org/lists/2013/11/}},
    note = {Accessed: 2014-08-22},
    author= {Top 500 Supercomputer Sites},
}

@misc{Top500XeonPhiJune2014,
    title = {November 2014 List},
    howpublished = {\url{http://www.top500.org/lists/2014/06/}},
    note = {Accessed: 2014-08-22},
    author= {Top 500 Supercomputer Sites},
}

@article{Mielikainen,
    author = {Mielikainen, Jarno and Huang, Bormin and Huang, Allen},
    title = {
        Using Intel Xeon Phi to accelerate the WRF TEMF planetary boundary layer scheme
    },
    journal = {Proc. SPIE},
    volume = {9124},
    pages = {91240T-91240T-10},
    year = {2014},
    doi = {10.1117/12.2055040},
    URL = { http://dx.doi.org/10.1117/12.2055040},
    eprint = {},
}

@techreport{IntelXeonPhiWhitePaper,    
    author = {Thiagarajan, S U and Congdon, C and Naik S and Nguyen L G},    
    institution = {Intel Corporation},    
    title = {Intel Xeon Phi Coprocessor Quick Start Developers Guide},    
    url = {https://software.intel.com/sites/default/files/article/335818/intel-xeon-phi-coprocessor-quick-start-developers-guide.pdf},    
    year = {2013}
}

